@STRING{JMLR="JMLR"}
@STRING{TIT="TIT"}
@STRING{CVIU="CVIU"}
@STRING{PR="PR"}
@STRING{SIGGRAPH="SIGGRAPH"}
@STRING{SIGGRAPHASIA="SIGGRAPH ASIA"}
@STRING{NeurIPS="NeurIPS"}
@STRING{BMVC="BMVC"}
@STRING{ICPR ="ICPR"}
@STRING{VMV ="VMV"}
@STRING{NPAR ="NPAR"}
@STRING{ACMMM="ACM MM"}
@STRING{ICIP="ICIP"}
@STRING{NIPS="NIPS"}
@STRING{CVPR="CVPR"}
@STRING{ECCV="ECCV"}
@STRING{ICCV="ICCV"}
@STRING{ICML="ICML"}
@STRING{CSVT="CSVT"}
@STRING{TOG= "ACM Trans. on Graphics"}
@STRING{IJCV= "IJCV"}
@STRING{PAMI="TPAMI"}
@STRING{PAMI="ICME"}

@STRING{arXiv= "ArXiv"}
@STRING{IJCSI="International Journal of Computer Science Issues"}
@STRING{ACM="Communications of the ACM"}
@STRING{TC="IEEE Trans. on Computers"}
@STRING{TRANS="IEEE Trans. on Information Theory"}
@STRING{TIP="IEEE Trans. Image Process."}
@STRING{ISO4="IEEE Signal Processing Letters"}
@STRING{JEI="Journal of Electronic Imaging"}
@STRING{AVCS="Advanced Video Coding Systems"}
@STRING{DCC="Proceedings of the Data Compression Conference"}
@STRING{QoMEX="Eleventh International Conference on Quality of Multimedia Experience"}
@STRING{TNNLS="IEEE Trans. on Neural Networks and Learning Systems"}
@STRING{NIPSW="Advances in Neural Information Processing Systems Workshops"}
@STRING{CVPRW="Proceedings of the IEEE/CVF Conference on Computer Vision and Pattern Recognition Workshops"}
@STRING{ICLR ="International Conference on Learning Representations"}
@STRING{PCS="Picture Coding Symposium"}
@STRING{ICME="IEEE International Conference on Multimedia and Expo"}
@STRING{CSVT="IEEE Trans. on Circuits and Systems for Video Technology"}
@STRING{TMM="IEEE Trans. on Multimedia"}

@article{ma2024survey,
  title={A Survey on Vision-Language-Action Models for Embodied AI},
  author={Ma, Yueen and Song, Zixing and Zhuang, Yuzheng and Hao, Jianye and King, Irwin},
  journal={arXiv preprint arXiv:2405.14093},
  year={2024}
}


@misc{planandsolve,
      title={Plan-and-Solve Prompting: Improving Zero-Shot Chain-of-Thought Reasoning by Large Language Models}, 
      author={Lei Wang and Wanyu Xu and Yihuai Lan and Zhiqiang Hu and Yunshi Lan and Roy Ka-Wei Lee and Ee-Peng Lim},
      year={2023},
      eprint={2305.04091},
      archivePrefix={arXiv},
      primaryClass={cs.CL},
      url={https://arxiv.org/abs/2305.04091}, 
}


@misc{Agentbench,
      title={AgentBench: Evaluating LLMs as Agents}, 
      author={Xiao Liu and Hao Yu and Hanchen Zhang and Yifan Xu and Xuanyu Lei and Hanyu Lai and Yu Gu and Hangliang Ding and Kaiwen Men and Kejuan Yang and Shudan Zhang and Xiang Deng and Aohan Zeng and Zhengxiao Du and Chenhui Zhang and Sheng Shen and Tianjun Zhang and Yu Su and Huan Sun and Minlie Huang and Yuxiao Dong and Jie Tang},
      year={2023},
      eprint={2308.03688},
      archivePrefix={arXiv},
      primaryClass={cs.AI},
      url={https://arxiv.org/abs/2308.03688}, 
}

@inproceedings{shi2017world,
  title={World of bits: An open-domain platform for web-based agents},
  author={Shi, Tianlin and Karpathy, Andrej and Fan, Linxi and Hernandez, Jonathan and Liang, Percy},
  booktitle={International Conference on Machine Learning},
  pages={3135--3144},
  year={2017},
  organization={PMLR}
}

@inproceedings{wang2021screen2words,
  title={Screen2words: Automatic mobile UI summarization with multimodal learning},
  author={Wang, Bryan and Li, Gang and Zhou, Xin and Chen, Zhourong and Grossman, Tovi and Li, Yang},
  booktitle={The 34th Annual ACM Symposium on User Interface Software and Technology},
  pages={498--510},
  year={2021}
}

@article{cheng2024seeclick,
  title={Seeclick: Harnessing gui grounding for advanced visual gui agents},
  author={Cheng, Kanzhi and Sun, Qiushi and Chu, Yougang and Xu, Fangzhi and Li, Yantao and Zhang, Jianbing and Wu, Zhiyong},
  journal={arXiv preprint arXiv:2401.10935},
  year={2024}
}

@article{gou2024navigating,
  title={Navigating the digital world as humans do: Universal visual grounding for gui agents},
  author={Gou, Boyu and Wang, Ruohan and Zheng, Boyuan and Xie, Yanan and Chang, Cheng and Shu, Yiheng and Sun, Huan and Su, Yu},
  journal={arXiv preprint arXiv:2410.05243},
  year={2024}
}

@article{screenagent,
      title={ScreenAgent: A Vision Language Model-driven Computer Control Agent}, 
      author={Runliang Niu and Jindong Li and Shiqi Wang and Yali Fu and Xiyu Hu and Xueyuan Leng and He Kong and Yi Chang and Qi Wang},
      year={2024},
      eprint={2402.07945},
      archivePrefix={arXiv},
      primaryClass={cs.HC}
}

@article{wu2024copilot,
  title={Os-copilot: Towards generalist computer agents with self-improvement},
  author={Wu, Zhiyong and Han, Chengcheng and Ding, Zichen and Weng, Zhenmin and Liu, Zhoumianze and Yao, Shunyu and Yu, Tao and Kong, Lingpeng},
  journal={arXiv preprint arXiv:2402.07456},
  year={2024}
}